@BOOK{gobernanzayoperaciones,
    author = {Bockelbrink, Bernhard and Priest, James and David, Liliana},
    pages = {26-27},
    title = {Sociocracy 3.0 - A Practical Guide},
    year = {2019},
    month = dec,
    howpublished = {\url{https://sociocracy30.org/_res/practical-guide/S3-practical-guide.pdf}}
}

@BOOK{robertrules,
    author = {McConnell, Robert},
    pages = {26-27},
    title = {Robert's rules of
Order: Simplified and Applied},
    year = {2001},
    month = dec,
    edition = {2nd},
    howpublished = {\url{https://sociocracy30.org/_res/practical-guide/S3-practical-guide.pdf}}
}